@article{mm13,
    author = {Macklin, Miles and M{\"{u}}ller, Matthias},
    journal = {ACM Transactions on Graphics},
    number = {4},
    pages = {1--5},
    title = {{Position Based Fluids}},
    volume = {32},
    year = {2013}
}
@article{mhhr07,
    author = {M{\"{u}}ller, Matthias and Heidelberger, Bruno and Hennix, Marcus and Ratcliff, John},
    journal = {Visual Communication and Image Representation},
    number = {2},
    pages = {109--118},
    title = {{Position based dynamics}},
    volume = {18},
    year = {2007}
}

@article{aia+12,
	author = {Akinci, Nadir and Ihmsen, Markus and Akinci, Gizem and Solenthaler, Barbara and Teschner, Matthias},
	journal = {ACM Transactions on Graphics},
	number = {4},
	pages = {62:1--62:8},
	title = {{Versatile Rigid-Fluid Coupling for Incompressible SPH}},
	volume = {31},
	year = {2012}
}
@article{aat13,
	author = {Akinci, Nadir and Akinci, Gizem and Teschner, Matthias},
	journal = {ACM Transactions on Graphics},
	number = {6},
	pages = {1--8},
	title = {{Versatile surface tension and adhesion for SPH fluids}},
	volume = {32},
	year = {2013}
}
@inproceedings{sp08,
	author = {Solenthaler, Barbara and Pajarola, Renato},
	booktitle = {ACM SIGGRAPH/Eurographics Symposium on Computer Animation},
	pages = {211--218},
	title = {{Density Contrast SPH Interfaces}},
	year = {2008}
}
